<?xml version="1.0" encoding="UTF-8"?><collection><record><leader>07125ntm a2200577 a 4500</leader><controlfield tag="001">006805284</controlfield><controlfield tag="003">MiAaHDL</controlfield><controlfield tag="005">20190719000000.0</controlfield><controlfield tag="006">m        d        </controlfield><controlfield tag="007">cr bn ---auaua</controlfield><controlfield tag="008">090531q17001708xx            00| ||ara d</controlfield><datafield tag="035" ind1=" " ind2=" "><subfield code="a">(MiU)006805284</subfield></datafield><datafield tag="035" ind1=" " ind2=" "><subfield code="a">sdr-miu006805284</subfield></datafield><datafield tag="040" ind1=" " ind2=" "><subfield code="a">MiU</subfield><subfield code="c">MiU</subfield><subfield code="e">amremm</subfield></datafield><datafield tag="043" ind1=" " ind2=" "><subfield code="a">n-us-mi</subfield></datafield><datafield tag="100" ind1="1" ind2=" "><subfield code="6">880-01</subfield><subfield code="a">Munāwī, ʻAbd al-Raʼūf ibn Tāj al-ʻĀrifīn,</subfield><subfield code="d">-1621.</subfield></datafield><datafield tag="240" ind1="1" ind2="0"><subfield code="6">880-02</subfield><subfield code="a">ʻUjālah al-sanīyah ʻalá Alfīyat al-sīrah al-Nabawīyah</subfield></datafield><datafield tag="245" ind1="1" ind2="0"><subfield code="6">880-03</subfield><subfield code="a">Kitāb Sharḥ al-ʻUjālah al-sanīyah ʻalá Alfīyat al-sīrah al-Nabawīyah,</subfield><subfield code="f">[1120?, i.e. 1708?].</subfield></datafield><datafield tag="246" ind1="3" ind2=" "><subfield code="i">Title in GAL:</subfield><subfield code="a">Sharḥ Alfīyat al-ʻIrāqī fī al-siyar</subfield></datafield><datafield tag="260" ind1=" " ind2=" "><subfield code="c">[1700-1708?].</subfield></datafield><datafield tag="300" ind1=" " ind2=" "><subfield code="a">141 leaves :</subfield><subfield code="b">paper ;</subfield><subfield code="c">223 x 170 (165 x 101) mm.</subfield></datafield><datafield tag="500" ind1=" " ind2=" "><subfield code="a">Shelfmark: Ann Arbor, University of Michigan, Special Collections Library, Isl. Ms. 598</subfield></datafield><datafield tag="500" ind1=" " ind2=" "><subfield code="a">Origin: As appears in colophon on p.282, completed 10 Ramaḍān 1120 [ca. 23 November 1708] (likely referring to transcription of replacements, though possibly referencing the original transcription or even a misreading of the date of composition) ; paper in bulk of codex suggests 18th century transcription.</subfield></datafield><datafield tag="500" ind1=" " ind2=" "><subfield code="a">Accompanying materials: a. Acquisitions slip from Yahuda -- b. Inventory cataloguing slip (on recycled card) in hand of Winifred Smeaton Thomas.</subfield></datafield><datafield tag="500" ind1=" " ind2=" "><subfield code="a">Former shelfmark: From interior of upper cover and spine label "IL 205" (likely supplied by Yahuda, see acquisitions slip).</subfield></datafield><datafield tag="500" ind1=" " ind2=" "><subfield code="a">Binding: Pasteboards covered in tan leather ; Type II binding (with flap) ; board linings in untinted laid paper ; upper and lower covers carry blind-stamped scalloped mandorla, pendants and cornerpieces (each filled with vegetal composition), along with tooled rosette accents and border in a series of s-shaped stamps flanked by rules ; sewn in pink thread, two stations, mainly gone ; textblock completely detached (or perhaps never attached, ill-fitting and likely not original), cover serves more as a wrapper ; overall in poor condition with significant abrasion and lifting of leather, some pest damage, etc.</subfield></datafield><datafield tag="500" ind1=" " ind2=" "><subfield code="a">Support: European laid paper with 12-13 laid lines per cm. (vertical), chain lines spaced 20-21 mm. apart (horizontal), grapes with name "B GAILLIARDON" and crown above (see pp.30-31, compare Raisin no.30 A, pp.28-29, 387 in Velkov, Les Filigranes dans les documents Ottomans, appearing in a ms. transcribed in Istanbul, 1749) ; quite thin though sturdy, fairly transluscent, dark cream in color ; replacement leaves (see pp.41-80, 279-282) in brown wove paper ; extensive pest damage ; many repairs in same wove paper as replacements.</subfield></datafield><datafield tag="500" ind1=" " ind2=" "><subfield code="a">Decoration: Keywords, text being commented upon, and abbreviation symbols rubricated ; textual dividers in the form of inverted commas in red.</subfield></datafield><datafield tag="500" ind1=" " ind2=" "><subfield code="a">Script: Naskh ; elegant 'Syrian' or Egyptian hand [?] in a thin to medium line ; partially seriffed with small right-sloping head-serifs appearing irregularly on free-standing alif and lām, elongation of horizontal strokes, exaggerated thickness of some horizontal strokes, curvilinear descenders (some sweeping), pointing in conjoined dots or strokes (stroke for three dots looking like reversed hamzah), final nūn with dot set deep in bowl, kāf often written as vertical stroke with miniature kāf (looking like hamzah) seated above,free assimilation of letters ; replacement sections supplied in a different, possibly Egyptian hand (see pp.41-80, 279-282).</subfield></datafield><datafield tag="500" ind1=" " ind2=" "><subfield code="a">Layout: Written mainly in 25 lines per page ; mainly single column, but divided to two column to set off poetry.</subfield></datafield><datafield tag="500" ind1=" " ind2=" "><subfield code="a">Collation: 13 V(130), V-1 (139), I (141) ; chiefly quinions ; catchwords present ; foliation in black ink, Hindu-Arabic numerals ; pagination in pencil, Western numerals, supplied during digitization.</subfield></datafield><datafield tag="500" ind1=" " ind2=" "><subfield code="a">Colophon: "Scribal," triangular, reads "نجز شرح الفية الحافظ عبد الرحيم العراقي في سيرة النبي صلى الله عليه وسلم للشرف عبد الروف المناوي قرن مصر [العصر؟] يوم السبت العاشر من شهر رمضان المعظم سنة عشرين ومائة والف بحمد الله وعونه تم رضي الله تعالى عنه ونفعنا به وبعلومه امين امين تم"</subfield></datafield><datafield tag="500" ind1=" " ind2=" "><subfield code="a">Explicit: "وقول الناظم والولي بشد الياء اي الناصر وال فيه للاستفراق اي وعلى كل الانصار والله سبحانه وتعالى اعلم بالصواب وصلى الله على سيدنا محمد وعلى اله وصحبه وسلم تسليما كثيرا دائما ابدا ... والحمد لله رب العالمين"</subfield></datafield><datafield tag="500" ind1=" " ind2=" "><subfield code="a">Incipit: "الحمد لله الذي شرح الصدور بنظم شمل الاسلام وسيرته ... وبعد فهذه عجالة سنية على الفية السيرة النبوية الحاوية مع ذلك للمعجزات والخصائص المصطوفية نظم جدنا الاعلى من قبل الام زين الاسلام حافظ مصر والحرمين والشام عبد الرحيم العراقي الشافعي رحمه الله ..."</subfield></datafield><datafield tag="500" ind1=" " ind2=" "><subfield code="a">Title from 'title page' (p.1) and opening matter (preface) on p.2.</subfield></datafield><datafield tag="500" ind1=" " ind2=" "><subfield code="a">Ms. codex.</subfield></datafield><datafield tag="510" ind1="4" ind2=" "><subfield code="a">Velkov, Asparouh. Les Filigranes dans les documents Ottomans: divers types d'images. Sofia: Éditions "Texte - A. Trayanov", 2005.</subfield></datafield><datafield tag="510" ind1="4" ind2=" "><subfield code="a">Ḥājjī Khalīfah. Kahshf al-ẓunūn,</subfield><subfield code="c">iii 216, no.4999</subfield></datafield><datafield tag="510" ind1="4" ind2=" "><subfield code="a">Brockelmann, C. GAL,</subfield><subfield code="c">II 65-66 (no.2) ; II 305-6 (no.3)</subfield></datafield><datafield tag="520" ind1="8" ind2=" "><subfield code="a">Fine (though damaged) copy of the commentary on Alfīyat al-sīrah al-Nabawīyah, or Naẓm al-durar al-sanīyah fī al-siyar al-zakīyah, a biography of the Prophet in verse, by ʻAbd al-Raḥīm ibn al-Ḥusayn al-ʻIrāqī (d.1404).</subfield></datafield><datafield tag="538" ind1=" " ind2=" "><subfield code="a">Mode of access: Internet.</subfield></datafield><datafield tag="541" ind1=" " ind2=" "><subfield code="a">Acquired in 1926 from the bookseller Isaac Benjamin S.E. Yahuda via purchase transacted on his behalf by Abraham Shalom Yahuda (1877-1951), his younger brother.</subfield></datafield><datafield tag="546" ind1=" " ind2=" "><subfield code="a">Arabic.</subfield></datafield><datafield tag="561" ind1=" " ind2=" "><subfield code="a">Possible former owners' mark on upper board lining in name of Shaykh Aḥmad ibn Shaykh ʻAbd al-Qādir ( شيخ احمد بن شيخ عبد القادر ) ; effaced statement on 'title page' (p.1) ; glosses and marginal corrections ; some notabilia (side heads).</subfield></datafield><datafield tag="600" ind1="0" ind2="0"><subfield code="a">Muḥammad,</subfield><subfield code="c">Prophet,</subfield><subfield code="d">-632</subfield><subfield code="v">Biography</subfield><subfield code="v">Poetry</subfield><subfield code="v">Early works to 1800.</subfield></datafield><datafield tag="600" ind1="1" ind2="0"><subfield code="a">ʻIrāqī, ʻAbd al-Raḥīm ibn al-Ḥusayn,</subfield><subfield code="d">1325-1404.</subfield><subfield code="t">Naẓm al-durar al-sanīyah.</subfield></datafield><datafield tag="650" ind1=" " ind2="0"><subfield code="a">Manuscripts, Arabic</subfield><subfield code="z">Michigan</subfield><subfield code="z">Ann Arbor.</subfield></datafield><datafield tag="773" ind1="0" ind2=" "><subfield code="a">Yahuda Collection.</subfield></datafield><datafield tag="880" ind1="1" ind2="0"><subfield code="6">245-03/</subfield><subfield code="a">كتاب شرح العجالة السنية على الفية السيرة النبوية,</subfield><subfield code="f">[1120ه؟، 1708م؟].</subfield></datafield><datafield tag="880" ind1="1" ind2="0"><subfield code="6">240-02/</subfield><subfield code="a">عجالة السنية على الفية السيرة النبوية</subfield></datafield><datafield tag="880" ind1="1" ind2=" "><subfield code="6">100-01/</subfield><subfield code="a">مناوي، عبد الرؤوف بن تاج العارفين.</subfield></datafield><datafield tag="CID" ind1=" " ind2=" "><subfield code="a">006805284</subfield></datafield><datafield tag="DAT" ind1="0" ind2=" "><subfield code="a">20190719102637.0</subfield><subfield code="b">20190719000000.0</subfield></datafield><datafield tag="DAT" ind1="1" ind2=" "><subfield code="a">20190719090653.0</subfield><subfield code="b">2019-07-19T16:11:31Z</subfield></datafield><datafield tag="DAT" ind1="2" ind2=" "><subfield code="a">2015-10-02T18:00:03Z</subfield></datafield><datafield tag="CAT" ind1=" " ind2=" "><subfield code="a">SDR-MIU</subfield><subfield code="d">EX LIBRIS - ALEPH</subfield><subfield code="l">prepare.pl-004-008</subfield></datafield><datafield tag="FMT" ind1=" " ind2=" "><subfield code="a">BK</subfield></datafield><datafield tag="HOL" ind1=" " ind2=" "><subfield code="0">sdr-miu006805284</subfield><subfield code="a">MiU</subfield><subfield code="b">SDR</subfield><subfield code="c">MIU</subfield><subfield code="p">mdp.39015079127257</subfield><subfield code="s">MIU</subfield><subfield code="1">006805284</subfield></datafield><datafield tag="974" ind1=" " ind2=" "><subfield code="b">MIU</subfield><subfield code="c">MIU</subfield><subfield code="d">20190719</subfield><subfield code="s">lit-dlps-dc</subfield><subfield code="u">mdp.39015079127257</subfield><subfield code="y">1708</subfield><subfield code="r">pd</subfield><subfield code="q">bib</subfield><subfield code="t">non-US bib date2 &lt; 1879</subfield></datafield></record></collection>